@FOOTNOTE{Note1,key="Note1",note="Datasheet of Draka optical fbier \\ \protect \url  {http://www.drakauc.com/ucfibre-optical-patchcords/}"}
@FOOTNOTE{Note2,key="Note2",note="Timing messages \\ \protect \url  {https://www-acc.gsi.de/wiki/Timing/TimingSystemEvent}"}
@FOOTNOTE{Note3,key="Note3",note="A G.652.B type single mode fiber is used for the 1310 and \SI {1550}{nm} wavelength region."}
@FOOTNOTE{Note4,key="Note4",note="LatticeMico32 is a 32-bit microprocessor soft core from Lattice Semiconductor optimized for field-programmable gate arrays (FPGA)."}
@FOOTNOTE{Note5,key="Note5",note="The DS345 Synthesized Function Generator is a full-featured \SI {30}{\MHz } synthesized function generator that uses an innovative Direct Digital Synthesis architecture. It generates many standard waveforms with excellent frequency resolution (1 $\mu $Hz) and has versatile modulation capabilities including AM, FM, Burst, PM and frequency sweeps."}
@FOOTNOTE{Note6,key="Note6",note="A G.652.B type single mode fiber is used for the 1310 and \SI {1550}{nm} wavelength region."}
@FOOTNOTE{Note7,key="Note7",note="FEC tools include the etherbone tools, the saftlib tools and the Linux drivers. \\ \protect \url  {https://www-acc.gsi.de/wiki/Timing/TimingSystemHowConfigureEnvironment}"}
@FOOTNOTE{Note8,key="Note8",note="The SignalTap II Logic Analyzer is a system-level debugging tool that captures and displays signals in circuits designed for implementation in Alteraâ€™s FPGAs."}
